%% This BibTeX bibliography file was created using BibDesk.
%% http://bibdesk.sourceforge.net/


%% Created for Andrea Alfonsi at 2015-01-21 08:58:35 -0700 


%% Saved with string encoding Unicode (UTF-8) 

@TechReport{RAVENuserManual,
author = {Cristian Rabiti and Andrea Alfonsi and Joshua Cogliati and Diego Mandelli and Robert Kinoshita and Sonat Sen},
title = {RAVEN User Manual},
institution = {Idaho National Laboratory},
year = {2015},
OPTkey = {INL/EXT-15-34123},
OPTtype = {•},
OPTnumber = {•},
OPTaddress = {•},
OPTmonth = {•},
OPTnote = {•},
OPTannote = {rev.4}
}


@BOOK{MDS,
  title = {Modern Multidimensional Scaling: Theory and Applications},
  publisher = {Springer-Verlag New York},
  year = {2005},
  author = {I. Borg and P. Groenen}
}

@BOOK{JolliffePCA,
  title = {Principal Component Analysis},
  publisher = {Springer},
  year = {2002},
  author = {Jolliffe, I. T.},
  edition = {Second},
  month = {October},
  howpublished = {Hardcover}
}

@ARTICLE{SurveyClustering,
  author = {X. Rui and Ii},
  title = {Survey of clustering algorithms},
  journal = {IEEE Transactions on Neural Networks},
  year = {2005},
  volume = {16},
  pages = {645-678},
  number = {3},
  month = {May},
  citeulike-article-id = {1304146},
  doi = {10.1109/TNN.2005.845141},
  keywords = {bibtex-import}
}


@INPROCEEDINGS{Mode-seekingMedoidshifts,
  author = {Y. A. Sheikh and E. Khan and T. Kanade},
  title = {Mode-seeking by Medoidshifts},
  booktitle = {Eleventh IEEE International Conference on Computer Vision (ICCV 2007)},
  year = {2007},
  number = {1},
  month = {October}
}

@INPROCEEDINGS{kmeansMacQueen,
  author = {J. B. MacQueen},
  title = {Some Methods for Classification and Analysis of MultiVariate Observations},
  booktitle = {Proc. of the fifth Berkeley Symposium on Mathematical Statistics
	and Probability},
  year = {1967},
  editor = {L. M. Le Cam and J. Neyman},
  volume = {1},
  pages = {281-297},
  publisher = {University of California Press}
}

@ARTICLE{Jain99dataclustering,
  author = {A. K. Jain and M. N. Murty and P. J. Flynn},
  title = {Data clustering: A review},
  journal = {ACM Comput. Surv.},
  year = {1999},
  pages = {264-323},
  number = {31}
}

@BOOK{Mendelson75introduction,
  title = {Introduction to Topology},
  publisher = {Dover Publications},
  year = {1990},
  author = {B. Mendelson},
  address = {New York (NY), USA}
}

@ARTICLE{ZioMaio,
  author = {E. Zio and F. D. Maio},
  title = {Processing dynamic scenarios from a reliability analysis of a nuclear
	power plant digital instrumentation and control system},
  journal = {Annals of Nuclear Energy},
  year = {2009},
  volume = {36},
  pages = {1386-1399},
  publisher = {Elsevier}
}

@BOOK{JainAlgor88,
  title = {Algorithms for clustering data},
  publisher = {Prentice-Hall, Inc.},
  year = {1988},
  author = {A. K. Jain and K. Dubes and C. Richard},
  address = {Upper Saddle River, NJ (USA)}
}

@BOOK{FuzzyBezdek,
  title = {Pattern Recognition with Fuzzy Objective Function Algorithms},
  publisher = {Kluwer Academic Publishers},
  year = {1981},
  author = {J. C. Bezdek},
  address = {Norwell, MA, USA}
}

@ARTICLE{DunnFuzzy,
  author = {J.C. Dunn},
  title = {A Fuzzy Relative of the {ISODATA} Process and Its Use in Detecting
	Compact Well-Separated Clusters},
  journal = {Journal of Cybernetics},
  year = {1973},
  volume = {3},
  pages = {32-57}
}

@ARTICLE{EstimationGradient,
  author = {K. Fukunaga and L. Hostetler},
  title = {The estimation of the gradient of a density function, with applications
	in pattern recognition},
  journal = {IEEE Transactions on Information Theory},
  year = {1975},
  volume = {21},
  pages = {32-40},
  number = {1},
  booktitle = {Information Theory, IEEE Transactions on},
  keywords = {density, estimation, meanshift, nonparametric}
}

@ARTICLE{isomap,
  author = {J. B. Tenenbaum and V. de Silva and J. C. Langford},
  title = {A Global Geometric Framework for Nonlinear Dimensionality Reduction},
  journal = {Science},
  year = {2000},
  volume = {290},
  pages = {2319-2323},
  publisher = {Science}
}

@ARTICLE{CacoullosEstimation,
  author = {T. Cacoullos},
  title = {Estimation of a multivariate density},
  journal = {Annals of the Institute of Statistical Mathematics},
  year = {1966},
  volume = {18},
  pages = {179--189},
  number = {1}
}

@ARTICLE{lle,
  author = {S. T. Roweis and L. K. Saul},
  title = {Nonlinear Dimensionality Reduction by Locally Linear Embedding},
  journal = {Science},
  year = {2000},
  volume = {290},
  pages = {2323-2328},
  publisher = {Science}
}

@article{MandelliClusteringRESS,
	Author = {Diego Mandelli and Alper Yilmaz and Tunc Aldemir and Kyle Metzroth and Richard Denning},
	Date-Added = {2013-01-04 00:21:13 +0000},
	Date-Modified = {2013-05-22 19:43:59 +0000},
	Journal = {Reliability Engineering \& System Safety},
	Pages = {146-160},
	Title = {Scenario Clustering and Dynamic Probabilistic Risk Assessment},
	Volume = {115},
	Year = {2013}
}

@Book{Abramowitz,
author =  {Abramowitz M. and Stegun I. A},
title = {Handbook of Mathematical Functions with Formulas, Graphs, and Mathematical Tables},
publisher = {Dover},
year = {1972},
OPTkey = {•},
OPTvolume = {•},
OPTnumber = {•},
OPTseries = {•},
OPTaddress = {•},
edition = {9th},
OPTmonth = {•},
OPTnote = {•},
OPTannote = {•}
}

@TechReport{RimoldiniUnbiased,
author = {Lorenzo Rimoldini},
title = {Weighted skewness and kurtosis unbiased by sample size},
institution = {Astronomical Observatory of the University of Geneva},
year = {2013},
key = {arXiv:1304.6564v2},
OPTtype = {•},
OPTnumber = {•},
OPTaddress = {•},
month = {April},
OPTnote = {•},
OPTannote = {rev.4}
}

@article{SVM_Burges,
 author = {Burges, Christopher J. C.},
 title = {A Tutorial on Support Vector Machines for Pattern Recognition},
 journal = {Data Mining and Knowledge Discovery},
 issue_date = {June 1998},
 volume = {2},
 number = {2},
 month = jun,
 year = {1998},
 issn = {1384-5810},
 pages = {121--167},
 publisher = {Kluwer Academic Publishers},
} 

@article{MD_spline,
  title = {Multidimensional Spline Interpolation: Theory and Applications},
  author = {Habermann, Christian and Kindermann, Fabian}, 
  year = {2007},
  journal = {Computational Economics},
  volume = {30},
  number = {2},
  pages = {153-169},
}

@book{Rasmussen_GPM,
 author = {Rasmussen, Carl Edward and Williams, Christopher K. I.},
 title = {Gaussian Processes for Machine Learning (Adaptive Computation and Machine Learning)},
 year = {2005},
 publisher = {The MIT Press},
}

@article{altman_KNN,
    author = {Altman, N. S.},
    doi = {10.2307/2685209},
    journal = {The American Statistician},
    number = {3},
    pages = {175--185},
    publisher = {American Statistical Association},
    title = {An Introduction to Kernel and Nearest-Neighbor Nonparametric Regression},
    volume = {46},
    year = {1992}
}

@inproceedings{Shepard,
 author = {Shepard, Donald},
 title = {A Two-dimensional Interpolation Function for Irregularly-spaced Data},
 booktitle = {Proceedings of the 1968 23rd ACM National Conference},
 series = {ACM 1968},
 year = {1968},
 pages = {517--524},
 publisher = {ACM},
 address = {New York, NY, USA},
} 





@misc{PBS,
	Date-Added = {2015-01-20 19:25:37 +0000},
	Date-Modified = {2015-01-21 15:51:25 +0000},
	Title = {Portable Batch System},
	howpublished = {http://www.pbsworks.com},
	Bdsk-Url-1 = {http://www.pbsworks.com}}

@misc{SciKitLearn,
	Author = {David Cournapeau},
	Date-Added = {2015-01-20 19:13:34 +0000},
	Date-Modified = {2015-01-21 15:58:29 +0000},
	Read = {1},
	Title = {Scikit-learn Library for machine learning},
	howpublished = {http://scikit-learn.org/stable/user \textunderscore guide.html}}

@article{MatPlotLib,
	Abstract = {Matplotlib is a 2D graphics package used for Python
  for application development, interactive scripting, and
  publication-quality image generation across user
  interfaces and operating systems.},
	Author = {Hunter, J. D.},
	Journal = {Computing In Science \& Engineering},
	Number = {3},
	Pages = {90--95},
	Publisher = {IEEE COMPUTER SOC},
	Title = {Matplotlib: A 2D graphics environment},
	Volume = {9},
	Year = 2007}

@techreport{MPI,
	Address = {Knoxville, TN, USA},
	Author = {Forum, Message P},
	Publisher = {University of Tennessee},
	Source = {http://www.ncstrl.org:8900/ncstrl/servlet/search?formname=detail\&id=oai%3Ancstrlh%3Autk_cs%3Ancstrl.utk_cs%2F%2FUT-CS-94-230},
	Title = {MPI: A Message-Passing Interface Standard},
	Year = {1994}}
