%% This BibTeX bibliography file was created using BibDesk.
%% http://bibdesk.sourceforge.net/


%% Created for Andrea Alfonsi at 2015-01-21 08:58:35 -0700 


%% Saved with string encoding Unicode (UTF-8) 



@webpage{PBS,
	Date-Added = {2015-01-20 19:25:37 +0000},
	Date-Modified = {2015-01-21 15:51:25 +0000},
	Title = {Portable Batch System},
	Url = {http://www.pbsworks.com},
	Bdsk-Url-1 = {http://www.pbsworks.com}}

@webpage{SciKitLearn,
	Author = {David Cournapeau},
	Date-Added = {2015-01-20 19:13:34 +0000},
	Date-Modified = {2015-01-21 15:58:29 +0000},
	Read = {1},
	Title = {Scikit-learn Library for machine learning},
	Url = {http://scikit-learn.org/stable/user_guide.html#user-guide},
	Bdsk-Url-1 = {http://scikit-learn.org/stable/user_guide.html#user-guide}}

@article{MatPlotLib,
	Abstract = {Matplotlib is a 2D graphics package used for Python
  for application development, interactive scripting, and
  publication-quality image generation across user
  interfaces and operating systems.},
	Author = {Hunter, J. D.},
	Journal = {Computing In Science \& Engineering},
	Number = {3},
	Pages = {90--95},
	Publisher = {IEEE COMPUTER SOC},
	Title = {Matplotlib: A 2D graphics environment},
	Volume = {9},
	Year = 2007}

@techreport{MPI,
	Address = {Knoxville, TN, USA},
	Author = {Forum, Message P},
	Publisher = {University of Tennessee},
	Source = {http://www.ncstrl.org:8900/ncstrl/servlet/search?formname=detail\&id=oai%3Ancstrlh%3Autk_cs%3Ancstrl.utk_cs%2F%2FUT-CS-94-230},
	Title = {MPI: A Message-Passing Interface Standard},
	Year = {1994}}
