%% This BibTeX bibliography file was created using BibDesk.
%% http://bibdesk.sourceforge.net/


%% Created for Diego Mandelli at 2013-01-17 17:05:03 -0700 


%% Saved with string encoding Unicode (UTF-8) 



@inproceedings{mandelliANS_RISMC,
	Author = {D. Mandelli and C. Smith},
	Booktitle = {Proceeding of American Nuclear Society (ANS), San Diego (CA)},
	Date-Added = {2013-01-17 23:58:09 +0000},
	Date-Modified = {2013-01-17 23:58:09 +0000},
	Pages = {883-885},
	Title = {Integrating Safety Assessment Methods Using the Risk Informed Safety Margins Characterization (RISMC) Approach},
	Volume = {107},
	Year = {2012}}

@techreport{ravenFY12,
	Author = {Cristian Rabiti and Andrea Alfonsi and Joshua Cogliati and Diego Mandelli and Robert Kinoshita},
	Date-Added = {2013-01-17 21:58:24 +0000},
	Date-Modified = {2013-01-17 21:58:24 +0000},
	Institution = {Idaho National Laboratory (INL)},
	Number = {INL/EXT-12-27351},
	Title = {REACTOR ANALYSIS AND VIRTUAL CONTROL ENVIRONMENT (RAVEN) FY12 REPORT},
	Year = {2012}}

@inproceedings{mandelliANS2012,
	Author = {C. Rabiti and A. Alfonsi and D. Mandelli and J. Cogliati and R. Martineau},
	Booktitle = {Proceeding of American Nuclear Society (ANS), San Diego (CA)},
	Date-Added = {2013-01-17 21:58:19 +0000},
	Date-Modified = {2013-01-17 21:58:19 +0000},
	Pages = {333-335},
	Title = {RAVEN as Control Logic and Probabilistic Risk Assessment Driver for RELAP-7},
	Volume = {107},
	Year = {2012}}
